@online{rick,
    author          = {Rick Astley},
    url             = {https://www.youtube.com/watch?v=dQw4w9WgXcQ&ab_channel=RickAstley},
    title           = {Never Gonna Give You Up},
}
